%
% BOOKS
%

@book{Alle1990,
	author = {Allen, A.O.},
	title = {Probability, Statistics, and Queueing Theory
                 with Computer Science Applications},
	year = {1990},
	edition = {2},
	publisher = {Academic Press, Inc.},
}

@misc{Birt2003,
  author = {Birtwistle, G.},
  title = {{D}{E}{M}{O}{S} --- a system for {D}iscrete {E}vent {M}odelling on {S}{I}{M}{U}{L}{A}},
  howpublished = {\url{http://staffwww.dcs.shef.ac.uk/people/G.Birtwistle/research/demos.pdf}},
  note = {Accessed: 2017-09-04},
}

@book{Grim1992,
	author = {Grimmett, G.R. and Stirzaker, D.R.},
	title = {Probability and Random Processes},
	year = {1992},
	edition = {2},
	publisher = {Oxford University Press},
}

@book{Mitr1982,
	author = {Mitrani, I.},
	title = {Simulation techniques for discrete event systems},
	year = {1982},
	publisher = {Cambridge University Press},
    series = {Cambridge Computer Science Texts},
    number = {14},
}

@book{Schi2005,
	author = {Schilling, R.J.},
	title = {Measures, Integrals and Martingales},
	year = {2005},
	edition = {1},
	publisher = {Cambridge University Press},
}

%
% THESES
%

@PhdThesis{deJo2002,
	author = {de Jongh, J.F.C.M.},
	title = {Share Scheduling in Distributed Systems},
	type = {PhD Thesis},
	school = {Delft University of Technology},
	year = {2002},
}

%
% SOFTWARE
%

@misc{ssj2017,
  author = {Universit\'{e} de Montr\'{e}al},
  title = {{S}{S}{J}: {S}tochastic {S}imulation in {J}ava},
  howpublished = {\url{http://simul.iro.umontreal.ca/ssj/indexe.html}},
  note = {Accessed: 2017-09-03},
}
